@book{jMIR,
   author = {Cory McKay},
   year = {2010},
   title = {Automatic Music Classification with jMIR},
   publisher = {McGill University},
   address = {Montreal}
}

@article{marsyas,
   author={G. Tzanetakis, P.Cook},
   title={MARSYAS A Framework for Audio Analysis},
   journal={Organized Sound},
   volume={4(3)},
}

@proceedings{essentia,
  author = {Bogdanov, D, Wack N, Gómez E, Gulati S, Herrera P, Mayor O, Roma G, Salamon J, Zapata J, & Serra X},
  title =        {ESSENTIA: an Audio Analysis Library for Music Information Retrieval},
  crossref =     {ISMIR'13},
  pages =        {493-498},
  keywords =     {music information retrieval},
}

@inproceedings{humdrum,
   author = {},
   title =        {The Humdrum Toolkit: Reference Manual. Menlo Park, California: Center for Computer Assisted Research in the Humanities, 552 pages, ISBN 0-936943-10-6.},
   crossref =     {ISBN 0-936943-10-6},
   pages =        {552 pages},
   keywords =     {music information retrieval},
}

@inproceedings{chord-detection,
	author = {Adam M. Stark, Mark D. Plumbley},
	title =  	{REAL-TIME CHORD RECOGNITION FOR LIVE PERFORMANCE},
	crossref = 	{Queen Mary University of London Centre for Digital Music},
	keywords =	{music information retrieval},
}

@inproceedings{similie,
	author = {Klaus Frieler, Daniel Müllensiefen},
	title =  	{The SIMILE algorthms for melodic similarity},
	crossref = 	{MIREX COMPETITION 2005},
	keywords =	{music information retrieval},
}

@inproceedings{gamera,
	author = {Karl MacMillan, Micheal Droettbroom, Ichiro Fuginaga},
	title =  	{Gamera: Optical Music recogntion in a new shell},
	crossref = 	{Peabody Conservatory of Music at Johns Hopkins University},
	keywords =	{optical music recognition},
}

@book){similietechnicalmanual,
   author = {Daniel Mullensiefen & Klaus Frieler},
   year = {2006},
   title = {The Simile algorithms documentation 0.3},
}

@INPROCEEDINGS{msd,
  author = {Thierry Bertin-Mahieux and Daniel P.W. Ellis and Brian Whitman and Paul Lamere},
  title = {The Million Song Dataset},
  booktitle = {{Proceedings of the 12th International Conference on Music Information
	Retrieval ({ISMIR} 2011)}},
  year = {2011},
  owner = {thierry},
  timestamp = {2010.03.07}
}

@inproceedings{simtour,
	author = {Gonzalo Navarro},
	title = {A Guided Tour to Approximate String Matching},
	crossref = {CM Computing Surveys 33},
	keywords = {Similarity measures}
}

@inproceedings{genreclassification,
	author = {N. Scaringella, G. Zoia, D. Mlynek},
	title = {Automatic genre classification of music content: a survey},
	crossref = {IEEE, D.},
	keywords = {Music Classification}
}

@inproceedings{saarlandmsd,
	author = {Meinard Muller, Verena Kon, Wolfgang Bogler, Vlora Arifi-Muller},
	title = {SAARLAND MUSIC DATA (SMD)},
	crossref = {{Proceedings of the 12th International Conference on Music Information
		Retrieval ({ISMIR} 2011)}},
	keywords = {Datasets for Music Information Retrieval}
}