% Example bibtex file for ISMIR Template

@MISC{jMIR,
    author = {Cory Mckay},
    title = {Automatic Music Classification with jMIR},
    year = {2010}
}

@misc{humdrum,
   author = {Anon},
   title =        {The Humdrum Toolkit: Reference Manual. Menlo Park, California: Center for Computer Assisted Research in the Humanities, 552 pages, ISBN 0-936943-10-6.},
   crossref =     {ISBN 0-936943-10-6},
   pages =        {552 pages},
   keywords =     {music information retrieval},
}

@ONLINE{satbcriteria,
author = {Anon},
title = {SATB wikipedia link},
url = {https://en.wikipedia.org/wiki/SATB}
}


@article{marsyas,
 author = {Tzanetakis, George and Cook, Perry},
 title = {MARSYAS: A Framework for Audio Analysis},
 journal = {Org. Sound},
 issue_date = {December 1999},
 volume = {4},
 number = {3},
 month = dec,
 year = {1999},
 issn = {1355-7718},
 pages = {169--175},
 numpages = {7},
 url = {http://dx.doi.org/10.1017/S1355771800003071},
 doi = {10.1017/S1355771800003071},
 acmid = {972857},
 publisher = {Cambridge University Press},
 address = {New York, NY, USA},
} 

@inproceedings{gamera,
	author = {Karl MacMillan, Micheal Droettbroom, Ichiro Fuginaga},
	title =  	{Gamera: Optical Music recogntion in a new shell},
	crossref = 	{Peabody Conservatory of Music at Johns Hopkins University},
	keywords =	{optical music recognition},
}

@article{mirproblems,
 author = {Byrd, Donald and Crawford, Tim},
 title = {Problems of Music Information Retrieval in the Real World},
 journal = {Inf. Process. Manage.},
 issue_date = {March 2002},
 volume = {38},
 number = {2},
 month = mar,
 year = {2002},
 issn = {0306-4573},
 pages = {249--272},
 numpages = {24},
 url = {http://dx.doi.org/10.1016/S0306-4573(01)00033-4},
 doi = {10.1016/S0306-4573(01)00033-4},
 acmid = {637509},
 publisher = {Pergamon Press, Inc.},
 address = {Tarrytown, NY, USA},
 keywords = {MIDI, audio, information retrieval, music, notation, searching},
} 

@article{amazonreco,
 author = {Linden, Greg and Smith, Brent and York, Jeremy},
 title = {Amazon.Com Recommendations: Item-to-Item Collaborative Filtering},
 journal = {IEEE Internet Computing},
 issue_date = {January 2003},
 volume = {7},
 number = {1},
 month = jan,
 year = {2003},
 issn = {1089-7801},
 pages = {76--80},
 numpages = {5},
 url = {http://dx.doi.org/10.1109/MIC.2003.1167344},
 doi = {10.1109/MIC.2003.1167344},
 acmid = {642471},
 publisher = {IEEE Educational Activities Department},
 address = {Piscataway, NJ, USA},
} 

@proceedings{essentia,
  author = {Bogdanov, D, Wack N, Gómez E, Gulati S, Herrera P, Mayor O, Roma G, Salamon J, Zapata J, & Serra X},
  title =        {ESSENTIA: an Audio Analysis Library for Music Information Retrieval},
  crossref =     {ISMIR'13},
  pages =        {493-498},
  keywords =     {music information retrieval},
}

@misc{musicgenomepandora,
  title={Consumer item matching method and system},
  author={Glaser, W.T. and Westergren, T.B. and Stearns, J.P. and Kraft, J.M.},
  url={http://www.google.com/patents/US7003515},
  year={2006},
  month=feb # "~21",
  publisher={Google Patents},
  note={US Patent 7,003,515}
}

@inproceedings{similie,
	author = {Klaus Frieler, Daniel Müllensiefen},
	title =  	{The SIMILE algorthms for melodic similarity},
	crossref = 	{MIREX COMPETITION 2005},
	keywords =	{music information retrieval},
}

@inproceedings{chord-detection,
    author = {Adam M. Stark and Mark D. Plumbley},
    title = {REAL-TIME CHORD RECOGNITION FOR LIVE PERFORMANCE},
    crossref = {International Computer Music Conference (ICMC 2009), },
    year = {2009}
}

@MISC{kkTonalityKeyFinding,
    author = {Søren Tjagvad Madsen and Gerhard Widmer and Johannes Kepler},
    title = {KEY-FINDING WITH INTERVAL PROFILES},
    year = {}
}

@INPROCEEDINGS{saarlandmsd,
  author = {Meinard M{\"u}ller and Verena Konz and Wolfgang Bogler and Vlora Arifi-M{\"u}ller},
  title = {Saarland Music Data ({SMD})},
  booktitle = {Late-Breaking and Demo Session of the 12th International Conference on Music Information Retrieval ({ISMIR})},
  address = {Miami, USA},
  year = {2011},
  pdf = {2011_MuellerKonzBoglerArifi_SaarlandMusicData_ISMIR-LateBreaking.pdf}
}

@ONLINE{WikifoniaDataset,
author = {Wikifonia},
title = {The Wikifonia Lead Sheet collection},
year = {2013},
url = {http://www.synthzone.com/files/Wikifonia/Wikifonia.zip/}
}

@INPROCEEDINGS{msd,
  author = {Thierry Bertin-Mahieux and Daniel P.W. Ellis and Brian Whitman and Paul Lamere},
  title = {The Million Song Dataset},
  booktitle = {{Proceedings of the 12th International Conference on Music Information
	Retrieval ({ISMIR} 2011)}},
  year = {2011},
  owner = {thierry},
  timestamp = {2010.03.07}
}

